<record><leader>00000cas a22000007a 4500</leader><controlfield tag="001">1715957</controlfield><controlfield tag="008">751019d19021968mnuwr ne      0    0eng d</controlfield><datafield ind1=" " ind2=" " tag="010"><subfield code="a">sn 90060904 </subfield></datafield><datafield ind1=" " ind2=" " tag="040"><subfield code="a">MUL</subfield><subfield code="b">eng</subfield><subfield code="c">MUL</subfield><subfield code="d">MN#</subfield><subfield code="d">OCL</subfield><subfield code="d">OCLCQ</subfield><subfield code="d">OCLCF</subfield><subfield code="d">OCLCO</subfield></datafield><datafield ind1=" " ind2=" " tag="042"><subfield code="a">msc</subfield></datafield><datafield ind1=" " ind2=" " tag="043"><subfield code="a">n-us-mn</subfield></datafield><datafield ind1=" " ind2=" " tag="052"><subfield code="a">4144</subfield><subfield code="b">K53</subfield></datafield><datafield ind1=" " ind2=" " tag="052"><subfield code="a">4143</subfield><subfield code="b">K5</subfield></datafield><datafield ind1="0" ind2="4" tag="245"><subfield code="a">The Kennedy star.</subfield></datafield><datafield ind1=" " ind2=" " tag="260"><subfield code="a">Kennedy, Minn. :</subfield><subfield code="b">Charles S. Clark,</subfield><subfield code="c">-1969.</subfield></datafield><datafield ind1=" " ind2=" " tag="300"><subfield code="a">v.</subfield></datafield><datafield ind1=" " ind2=" " tag="310"><subfield code="a">Weekly</subfield></datafield><datafield ind1="1" ind2=" " tag="362"><subfield code="a">Began in 1902.</subfield></datafield><datafield ind1="0" ind2=" " tag="362"><subfield code="a">-v. 63, no. 21 (Apr. 3, 1969).</subfield></datafield><datafield ind1=" " ind2=" " tag="530"><subfield code="a">Available on microfilm from the Minnesota Historical Society.</subfield></datafield><datafield ind1=" " ind2=" " tag="580"><subfield code="a">Merged with: Lancaster herald (Lancaster, Minn.), and: Lake Bronson budget, and: Karlstad advocate, to form: North Star news (Karlstad, Minn.).</subfield></datafield><datafield ind1=" " ind2=" " tag="588"><subfield code="a">Description based on: Vol. 1, no. 30 (Oct. 31, 1902).</subfield></datafield><datafield ind1=" " ind2="0" tag="651"><subfield code="a">Kennedy (Minn.)</subfield><subfield code="v">Newspapers.</subfield></datafield><datafield ind1=" " ind2="7" tag="655"><subfield code="a">Newspapers.</subfield><subfield code="2">fast</subfield><subfield code="0">(OCoLC)fst01423814</subfield></datafield><datafield ind1=" " ind2="7" tag="651"><subfield code="a">Minnesota</subfield><subfield code="z">Kennedy.</subfield><subfield code="2">fast</subfield><subfield code="0">(OCoLC)fst01254490</subfield></datafield><datafield ind1=" " ind2=" " tag="752"><subfield code="a">United States</subfield><subfield code="b">Minnesota</subfield><subfield code="c">Kittson</subfield><subfield code="d">Kennedy.</subfield></datafield><datafield ind1="1" ind2="7" tag="785"><subfield code="t">Karlstad advocate</subfield><subfield code="w">(DLC)sn 90060881</subfield></datafield><datafield ind1="1" ind2="7" tag="785"><subfield code="t">Lake Bronson budget</subfield><subfield code="w">(DLC)sn 90060873</subfield></datafield><datafield ind1="1" ind2="7" tag="785"><subfield code="t">Lancaster herald (Lancaster, Minn.)</subfield><subfield code="w">(DLC)sn 90060882</subfield></datafield><datafield ind1="1" ind2="7" tag="785"><subfield code="t">North Star news (Karlstad, Minn.)</subfield><subfield code="w">(DLC)sn 90060883</subfield></datafield></record>